<record><leader>00000cas a22000007a 4500</leader><controlfield tag="001">13858834</controlfield><controlfield tag="008">860711d1888191uinuwr ne      0    0eng d</controlfield><datafield ind1=" " ind2=" " tag="010"><subfield code="a">sn 86058669 </subfield></datafield><datafield ind1=" " ind2=" " tag="040"><subfield code="a">NPI</subfield><subfield code="b">eng</subfield><subfield code="c">NPI</subfield><subfield code="d">CNK</subfield><subfield code="d">OCLCQ</subfield></datafield><datafield ind1=" " ind2=" " tag="042"><subfield code="a">msc</subfield></datafield><datafield ind1="0" ind2="4" tag="245"><subfield code="a">The Hamilton County ledger.</subfield></datafield><datafield ind1=" " ind2=" " tag="260"><subfield code="a">Noblesville, Ind. :</subfield><subfield code="b">Bush &amp; Walker</subfield></datafield><datafield ind1=" " ind2=" " tag="300"><subfield code="a">v. :</subfield><subfield code="b">ill.</subfield></datafield><datafield ind1=" " ind2=" " tag="310"><subfield code="a">Weekly,</subfield><subfield code="b">&lt;1904-191u&gt;</subfield></datafield><datafield ind1=" " ind2=" " tag="321"><subfield code="a">Weekly,</subfield><subfield code="b">1888-1896</subfield></datafield><datafield ind1=" " ind2=" " tag="321"><subfield code="a">Semiweekly (twice a week),</subfield><subfield code="b">1897-&lt;1903&gt;</subfield></datafield><datafield ind1="1" ind2=" " tag="362"><subfield code="a">Began in May 1888; ceased around 1916.</subfield><subfield code="z">Cf. Miller, John W. Indiana newspaper bibliog.</subfield></datafield><datafield ind1=" " ind2=" " tag="500"><subfield code="a">Republican.</subfield></datafield><datafield ind1=" " ind2=" " tag="580"><subfield code="a">Published also in a daily edition called: &lt;1888&gt;, Daily ledger (Noblesville, Ind.); &lt;1888-191u&gt;, Noblesville daily ledger.</subfield></datafield><datafield ind1=" " ind2=" " tag="588"><subfield code="a">Description based on: Vol. 18, no. 12 (May 18, 1888).</subfield></datafield><datafield ind1=" " ind2=" " tag="752"><subfield code="a">United States</subfield><subfield code="b">Indiana</subfield><subfield code="c">Hamilton</subfield><subfield code="d">Noblesville.</subfield></datafield><datafield ind1="1" ind2=" " tag="775"><subfield code="t">Daily ledger (Noblesville, Ind.)</subfield><subfield code="w">(DLC)sn 86058668</subfield></datafield><datafield ind1="1" ind2=" " tag="775"><subfield code="t">Noblesville daily ledger</subfield><subfield code="w">(DLC)sn 86058670</subfield></datafield><datafield ind1="0" ind2="0" tag="780"><subfield code="t">Ledger (Noblesville, Ind.)</subfield><subfield code="w">(DLC)sn 86058667</subfield></datafield><datafield ind1="0" ind2="5" tag="780"><subfield code="t">Enterprise (Noblesville, Ind.)</subfield><subfield code="w">(DLC)sn 86058664</subfield></datafield></record>